@book{c01,
    author    = "Ze-Nian Li and Drew Mark S. and Jiangchuan Liu",
    title     = "Fundamentals of Multimedia",
    year      = "2014",
    publisher = "Springer",
}

@misc{c02,
	title     = "JPEG (Wikipedia)",
	url       = "https://www.wikiwand.com/en/JPEG",
	website   = "https://www.wikiwand.com/en/JPEG"
}

@article{c03,
	author =       "David A. Huffman",
	title =        "A Method for the Construction of Minimum-Redundancy Codes",
	year =         "1952",
	journal =      "Proceedings of the IEEE",
}

@article{c04,
	author =       "Jack Dongarra and Francis Sullivan",
	title =        "Ten algorithms with the greatest influence on the development and practice of science and engineering in the 20th century",
	year =         "2000",
	journal =      "Computing in Science and Engineering",
}